@article{andrienko2017visual,
	title={Visual Analytics of Mobility and Transportation: State of the Art and Further Research Directions},
	author={Andrienko, Gennady and Andrienko, Natalia and Chen, Wei and Maciejewski, Ross and Zhao, Ye},
	journal={IEEE Transactions on Intelligent Transportation Systems},
	year={2017},
	publisher={IEEE}
}

@article{dodge2008towards,
	title={Towards a taxonomy of movement patterns},
	author={Dodge, Somayeh and Weibel, Robert and Lautensch{\"u}tz, Anna-Katharina},
	journal={Information visualization},
	volume={7},
	number={3-4},
	pages={240--252},
	year={2008},
	publisher={SAGE Publications Sage UK: London, England}
}

@inproceedings{lampe2011interactive,
	title={Interactive visualization of streaming data with kernel density estimation},
	author={Lampe, Ove Daae and Hauser, Helwig},
	booktitle={Pacific Visualization Symposium (PacificVis), 2011 IEEE},
	pages={171--178},
	year={2011},
	organization={IEEE}
}

@article{liu2017smartadp,
	title={SmartAdP: visual analytics of large-scale taxi trajectories for selecting billboard locations},
	author={Liu, Dongyu and Weng, Di and Li, Yuhong and Bao, Jie and Zheng, Yu and Qu, Huamin and Wu, Yingcai},
	journal={IEEE transactions on visualization and computer graphics},
	volume={23},
	number={1},
	pages={1--10},
	year={2017},
	publisher={IEEE}
}

@inproceedings{willems2009visualization,
	title={Visualization of vessel movements},
	author={Willems, Niels and Van De Wetering, Huub and Van Wijk, Jarke J},
	booktitle={Computer Graphics Forum},
	volume={28},
	number={3},
	pages={959--966},
	year={2009},
	organization={Wiley Online Library}
}

@article{wood2011visualizing,
	title={Visualizing the dynamics of London's bicycle-hire scheme},
	author={Wood, Jo and Slingsby, Aidan and Dykes, Jason},
	journal={Cartographica: The International Journal for Geographic Information and Geovisualization},
	volume={46},
	number={4},
	pages={239--251},
	year={2011},
	publisher={University of Toronto Press Incorporated}
}

@article{itoh2016visual,
	title={Visual exploration of changes in passenger flows and tweets on mega-city metro network},
	author={Itoh, Masahiko and Yokoyama, Daisaku and Toyoda, Masashi and Tomita, Yoshimitsu and Kawamura, Satoshi and Kitsuregawa, Masaru},
	journal={IEEE Transactions on Big Data},
	volume={2},
	number={1},
	pages={85--99},
	year={2016},
	publisher={IEEE}
}

@article{wu2016telcovis,
	title={Telcovis: Visual exploration of co-occurrence in urban human mobility based on telco data},
	author={Wu, Wenchao and Xu, Jiayi and Zeng, Haipeng and Zheng, Yixian and Qu, Huamin and Ni, Bing and Yuan, Mingxuan and Ni, Lionel M},
	journal={IEEE transactions on visualization and computer graphics},
	volume={22},
	number={1},
	pages={935--944},
	year={2016},
	publisher={IEEE}
}

@inproceedings{guo2011tripvista,
	title={Tripvista: Triple perspective visual trajectory analytics and its application on microscopic traffic data at a road intersection},
	author={Guo, Hanqi and Wang, Zuchao and Yu, Bowen and Zhao, Huijing and Yuan, Xiaoru},
	booktitle={Pacific Visualization Symposium (PacificVis), 2011 IEEE},
	pages={163--170},
	year={2011},
	organization={IEEE}
}

% 60
@article{chae2014public,
	title={Public behavior response analysis in disaster events utilizing visual analytics of microblog data},
	author={Chae, Junghoon and Thom, Dennis and Jang, Yun and Kim, SungYe and Ertl, Thomas and Ebert, David S},
	journal={Computers \& Graphics},
	volume={38},
	pages={51--60},
	year={2014},
	publisher={Elsevier}
}

% 63
@article{jankowski2010discovering,
	title={Discovering landmark preferences and movement patterns from photo postings},
	author={Jankowski, Piotr and Andrienko, Natalia and Andrienko, Gennady and Kisilevich, Slava},
	journal={Transactions in GIS},
	volume={14},
	number={6},
	pages={833--852},
	year={2010},
	publisher={Wiley Online Library}
}

% 62
@article{andrienko2013thematic,
	title={Thematic patterns in georeferenced tweets through space-time visual analytics},
	author={Andrienko, Gennady and Andrienko, Natalia and Bosch, Harald and Ertl, Thomas and Fuchs, Georg and Jankowski, Piotr and Thom, Dennis},
	journal={Computing in Science \& Engineering},
	volume={15},
	number={3},
	pages={72--82},
	year={2013},
	publisher={IEEE}
}

% 14
@article{itoh2016visual,
	title={Visual exploration of changes in passenger flows and tweets on mega-city metro network},
	author={Itoh, Masahiko and Yokoyama, Daisaku and Toyoda, Masashi and Tomita, Yoshimitsu and Kawamura, Satoshi and Kitsuregawa, Masaru},
	journal={IEEE Transactions on Big Data},
	volume={2},
	number={1},
	pages={85--99},
	year={2016},
	publisher={IEEE}
}

% 61
@article{zhao2008activities,
	title={Activities, ringmaps and geovisualization of large human movement fields},
	author={Zhao, Jinfeng and Forer, Pip and Harvey, Andrew S},
	journal={Information visualization},
	volume={7},
	number={3-4},
	pages={198--209},
	year={2008},
	publisher={SAGE Publications Sage UK: London, England}
}

% 20

@article{wood2010visualisation,
	title={Visualisation of origins, destinations and flows with OD maps},
	author={Wood, Jo and Dykes, Jason and Slingsby, Aidan},
	journal={The Cartographic Journal},
	volume={47},
	number={2},
	pages={117--129},
	year={2010},
	publisher={Taylor \& Francis}
}

% book
@book{andrienko2013visual,
	title={Visual analytics of movement},
	author={Andrienko, Gennady and Andrienko, Natalia and Bak, Peter and Keim, Daniel and Wrobel, Stefan},
	year={2013},
	publisher={Springer Science \& Business Media}
}